@inbook{Benson2009, 
author = {Benson, H},
title = {Électricité et magnétisme},
publisher = {Édition du Renouveau Pédagogique Inc},
year = {2009},
address = {}
}
